<?xml version="1.0" encoding="UTF-8"?><record xmlns="http://www.loc.gov/MARC21/slim" xmlns:cinclude="http://apache.org/cocoon/include/1.0" xmlns:zs="http://www.loc.gov/zing/srw/">
  <leader>00465cz  a2200133n  4500</leader>
  <controlfield tag="001">no2007010677</controlfield>
  <controlfield tag="003">DLC</controlfield>
  <controlfield tag="005">20150428074942.0</controlfield>
  <controlfield tag="008">070130n| azannaabn          |n aaa     c</controlfield>
  <datafield tag="010" ind1=" " ind2=" ">
    <subfield code="a">no2007010677</subfield>
  </datafield>
  <datafield tag="035" ind1=" " ind2=" ">
    <subfield code="a">(OCoLC)oca07314153</subfield>
  </datafield>
  <datafield tag="040" ind1=" " ind2=" ">
    <subfield code="a">OOxM-Mu</subfield>
    <subfield code="b">eng</subfield>
    <subfield code="e">rda</subfield>
    <subfield code="c">OOxM-Mu</subfield>
    <subfield code="d">DLC</subfield>
  </datafield>
  <datafield tag="100" ind1="1" ind2=" ">
    <subfield code="a">Homan, Shane</subfield>
  </datafield>
  <datafield tag="670" ind1=" " ind2=" ">
    <subfield code="a">Access all eras, 2006:</subfield>
    <subfield code="b">t.p. (edited by Shane Homan) back cover (senior lecturer in media and cultural studies at Univ. of Newcastle, Australia, rock drummer)</subfield>
  </datafield>
</record>